@preamble{"\newcommand{\sortkey}[1]{\noopsort{#1}}"}

@book{campbell2011,
  author    = {Campbell, James B. and Wynne, Randolph H.},
  title     = {Introduction to Remote Sensing},
  edition   = {5},
  year      = {2011},
  publisher = {The Guilford Press},
  url       = {https://books.google.com.br/books?hl=pt-BR&lr=&id=NkLmDjSS8TsC&oi=fnd&pg=PP1&dq=Introduction+to+Remote+Sensing&ots=s3Fmx8o_0v&sig=sLnEcKNrNmLWjhErgUUi-2t7FYc&redir_esc=y#v=onepage&q=Introduction%20to%20Remote%20Sensing&f=false},
  note      = {},
  urldate   = {2024-04-06},
  sortkey={C}
}

@article{fischer1976,
  author  = {Fischer, William A. and Hemphill, W. R. and Kover, Allan},
  title   = {Progress in Remote Sensing (1972–1976)},
  journal = {Photogrammetria},
  volume  = {32},
  number  = {2},
  pages   = {33--72},
  month   = {10},
  year    = {1976},
  url     = {https://doi.org/10.1016/0031-8663(76)90013-2},
  urldate = {2024-04-06},
  sortkey={A}
}

@article{weiss2020,
  author  = {Weiss, Marie and Jacob, Frédéric and Duveiller, Grégory},
  title   = {Remote Sensing for Agricultural Applications: A Meta-Review},
  journal = {Remote Sensing of Environment},
  volume  = {236},
  number  = {111402},
  pages   = {1--19},
  month   = {1},
  year    = {2020},
  url     = {https://doi.org/10.1016/j.rse.2019.111402},
  urldate = {2024-04-06},
  sortkey={A}
}

@article{khanal2020,
  author  = {Khanal, Sami and Kushal, K.C. and Fulton, John P. and Shearer, Scott and Ozkan, Erdal},
  title   = {Remote Sensing in Agriculture—Accomplishments, Limitations, and Opportunities},
  journal = {Remote Sensing},
  volume  = {12},
  number  = {3783},
  pages   = {1--29},
  month   = {11},
  year    = {2020},
  url     = {https://doi.org/10.3390/rs12223783},
  urldate = {2024-04-06},
  sortkey={A}
}

@article{shanmugapriya2019,
  author  = {Shanmugapriya, P. and Rathika, S. and Ramesh, T. and Janaki, P.},
  title   = {Applications of Remote Sensing in Agriculture-A Review},
  journal = {International Journal of Current Microbiology and Applied Sciences},
  volume  = {8},
  number  = {1},
  pages   = {2270--2283},
  month   = {1},
  year    = {2019},
  url     = {https://doi.org/10.20546/ijcmas.2019.801.238},
  urldate = {2024-04-06},
  sortkey={A}
}

@article{carfagna2005,
  author  = {Carfagna, Elisabetta and Gallego, F. Javier},
  title   = {Using Remote Sensing for Agricultural Statistics},
  journal = {International Statistical Review},
  volume  = {73},
  number  = {3},
  pages   = {389--404},
  month   = {12},
  year    = {2006},
  url     = {https://doi.org/10.1111/j.1751-5823.2005.tb00155.x},
  urldate = {2024-04-06},
  sortkey={A}
}

@book{lee2016introduction,
  author    = {Lee, Edward Ashford and Seshia, Sanjit Arunkumar},
  title     = {Introduction to embedded systems: A cyber-physical systems approach},
  edition   = {2},
  year      = {2017},
  publisher = {MIT press},
  url       = {https://books.google.com.br/books?hl=pt-BR&lr=&id=chPiDQAAQBAJ&oi=fnd&pg=PR7&dq=Introduction+to+embedded+systems:+A+cyber-physical+systems+approach&ots=wYuExaJCHK&sig=IfyiZjOjyGK0ADeqTJ11NErpOLQ&redir_esc=y#v=onepage&q=Introduction%20to%20embedded%20systems%3A%20A%20cyber-physical%20systems%20approach&f=false},
  note      = {},
  urldate   = {2024-04-06},
  sortkey={C}
}

@inproceedings{lee2008cyber,
  author    = {Lee, Edward A},
  title     = {Cyber physical systems: Design challenges},
  booktitle = {2008 11th IEEE international symposium on object and component-oriented real-time distributed computing (ISORC)},
  year      = {2008},
  address   = {Orlando, USA},
  publisher = {IEEE},
  pages     = {363--369},
  url       = {https://doi.org/10.1109/ISORC.2008.25},
  urldate   = {2024-04-06},
  sortkey={B}
}

@inproceedings{ahmad2020smart,
  author    = {Ahmad, Irfan and Pothuganti, Karunakar},
  title     = {Smart field monitoring using ToxTrac: A cyber-physical system approach in agriculture},
  booktitle = {2020 International Conference on Smart Electronics and Communication (ICOSEC)},
  year      = {2020},
  address   = {Trichy, India},
  publisher = {IEEE},
  pages     = {723--727},
  url       = {https://doi.org/10.1109/ICOSEC49089.2020.9215282},
  urldate   = {2024-04-06},
  sortkey={B}
}

@article{rad2015smart,
  author  = {Rad, Ciprian Radu and Hancu, Olimpiu and Takacs, Ioana-Alexandra and Olteanu, Gheorghe},
  title   = {Smart monitoring of potato crop: a cyber-physical system architecture model in the field of precision agriculture},
  journal = {Agriculture and Agricultural Science Procedia},
  volume  = {6},
  number  = {},
  pages   = {73--79},
  month   = {8},
  year    = {2015},
  url     = {https://doi.org/10.1016/j.aaspro.2015.08.041},
  urldate = {2024-04-06},
  sortkey={A}
}

@article{rijswijk2021digital,
  author  = {Rijswijk, Kelly and Klerkx, Laurens and Bacco, Manlio and Bartolini, Fabio and Bulten, Ellen Debruyne, Lies and Dessein, Joost and Scotti, Ivano and Brunori, Gianluca},
  title   = {Digital transformation of agriculture and rural areas: A socio-cyber-physical system framework to support responsibilisation},
  journal = {Journal of Rural Studies},
  volume  = {85},
  number  = {},
  pages   = {79--90},
  month   = {7},
  year    = {2021},
  url     = {https://doi.org/10.1016/j.jrurstud.2021.05.003},
  urldate = {2024-04-06},
  sortkey={A}
}

@article{dutta2014comprehensive,
  author  = {Dutta, P. and Upendra, G. and Giribabu, E. and Sridharan, B. and Tyagi, V.},
  title   = {A comprehensive review of embedded system design aspects for rural application platform},
  journal = {International Journal of Computer Applications},
  volume  = {106},
  number  = {11},
  pages   = {39--44},
  month   = {11},
  year    = {2014},
  url     = {https://doi.org/10.5120/18567-9819},
  urldate = {2024-04-06},
  sortkey={A}
}

@inproceedings{kato2018autoware,
  author = {Kato, Shinpei and Tokunaga, Shota and Maruyama, Yuya and Maeda, Seiya and Hirabayashi, Manato and Kitsukawa, Yuki and Monrroy, Abraham and Ando, Tomohito and Fujii, Yusuke and Azumi, Takuya},
  title     = {Autoware on board: Enabling autonomous vehicles with embedded systems},
  booktitle = {2018 ACM/IEEE 9th International Conference on Cyber-Physical Systems (ICCPS)},
  year      = {2018},
  address   = {Porto, Portugal},
  publisher = {IEEE},
  pages     = {287--296},
  url       = {https://doi.org/10.1109/ICCPS.2018.00035},
  urldate   = {2024-04-06},
  sortkey={B}
}

@misc{8051_usage,
  author    = {Wharton, John},
  title     = {Using the Intel MCS-51 Boolean Processing Capabilities},
  howpublished = {Intel Corporation},
  month   = {4},
  year      = {1980},
  url       = {http://bear.ces.case.edu/eecs_281/8051_boolean.pdf},
  urldate   = {2024-04-06},
  sortkey={D}
}

@article{PIC16F84A_usage,
  author  = {Cuenca, E. M. and Balboa, J. M. M.},
  title   = {Practicas y Aplicaciones con microcontroladores/2: los PIC16F84 y PIC 16C71},
  journal = {Radiorama},
  volume  = {5},
  number  = {2},
  pages   = {38--45},
  month   = {12},
  year    = {1997},
  url     = {https://fisiologia-animal.es/publicaciones/PublicacionesLibro5Articulo02.pdf},
  urldate = {2024-04-06},
  sortkey={A}
}

@book{Arduino_usage,
  author    = {Warren, John David and Adams, Josh and Molle, Harald},
  title     = {Arduino Robotics (Technology in Action)},
  edition   = {1},
  year      = {2011},
  publisher = {Apress},
  url       = {https://doi.org/10.1007/978-1-4302-3184-4_2},
  note      = {},
  urldate   = {2024-04-10},
  sortkey={C}
}


@book{STM32F4_usage,
  author    = {Brown, Geoffrey},
  title     = {Discovering the STM32 Microcontroller},
  edition   = {1},
  year      = {2012},
  publisher = {Indiana University},
  url       = {https://citeseerx.ist.psu.edu/document?repid=rep1&type=pdf&doi=d1fbdf8a3a1b32fd9c951f44f0f5403232412795},
  note      = {},
  urldate   = {2024-04-06},
  sortkey={C}
}

@inproceedings{ESP32_usage,
  author = {Maier, Alexander and Sharp, Andrew and Vagapov, Yuriy},
  title     = {Comparative analysis and practical implementation of the ESP32 microcontroller module for the internet of things},
  booktitle = {2017 Internet Technologies and Applications (ITA)},
  year      = {2017},
  address   = {Wrexham, UK},
  publisher = {IEEE},
  pages     = {143--148},
  url       = {https://doi.org/10.1109/ITECHA.2017.8101926},
  urldate   = {2024-04-06},
  sortkey={B}
}

@inproceedings{RaspberryPi4_usage,
  author = {Maragatham, T. and Balasubramanie, P. and Vivekanandhan, M.},
  title     = {IoT based home automation system using raspberry Pi 4},
  booktitle = {IOP Conference Series: Materials Science and Engineering},
  year      = {2021},
  address   = {Erode, India},
  publisher = {IOP Publishing},
  pages     = {1--7},
  url       = {https://doi.org/10.1088/1757-899X/1055/1/012081},
  urldate   = {2024-04-06},
  sortkey={B}
}

@article{minerva2015towards,
  author  = {Minerva, Roberto and Biru, Abyi and Rotondi, Domenico},
  title   = {Towards a definition of the Internet of Things (IoT): Revision 1},
  journal = {IEEE Internet Iniciative},
  volume  = {},
  number  = {},
  pages   = {1-–86},
  month   = {5},
  year    = {2015},
  url     = {https://iot.ieee.org/images/files/pdf/IEEE_IoT_Towards_Definition_Internet_of_Things_Revision1_27MAY15.pdf},
  urldate = {2024-04-06},
  sortkey={A}
}

@article{ashton1999things,
  author  = {Ashton, Kevin},
  title   = {That 'internet of things' thing},
  journal = {RFID journal},
  volume  = {22},
  number  = {1},
  pages   = {1-–7},
  month   = {},
  year    = {1999},
  url     = {https://www.itrco.jp/libraries/RFIDjournal-That%20Internet%20of%20Things%20Thing.pdf},
  urldate = {2024-04-06},
  sortkey={A}
}

@article{kortuem2009things,
  author  = {Kortuem, G. and Kawsar, F. and Sundramoorthy, V. and Fitton, D.},
  title   = {Smart objects as building blocks for the Internet of things},
  journal = {IEEE Internet Computing},
  volume  = {14},
  number  = {1},
  pages   = {44--51},
  month   = {2},
  year    = {2009},
  url     = {https://doi.org/10.1109/MIC.2009.143},
  urldate = {2024-04-06},
  sortkey={A}
}

@inproceedings{tan2010things,
  author  = {Tan, L. and Wang, N.},
  title   = {Future internet: The Internet of Things},
  booktitle = {2010 3rd International Conference on Advanced Computer Theory and Engineering (ICACTE)},
  year      = {2010},
  address   = {Chengdu, China},
  publisher = {IEEE},
  pages     = {376--380},
  url       = {https://doi.org/10.1109/ICACTE.2010.5579543},
  urldate   = {2024-04-06},
  sortkey={B}
}

@article{junior2022data,
  author={Junior, Franklin M Ribeiro and Bianchi, Reinaldo AC and Prati, Ronaldo C and Kolehmainen, Kari and Soininen, Juha-Pekka and Kamienski, Carlos A},
  title   = {Data reduction based on machine learning algorithms for fog computing in IoT smart agriculture},
  journal = {Biosystems Engineering},
  volume  = {223},
  number  = {2},
  pages   = {142--158},
  month   = {11},
  year    = {2022},
  url     = {https://doi.org/10.1016/j.biosystemseng.2021.12.021},
  urldate = {2024-04-06},
  sortkey={A}
}

@article{ferrandez2018precision,
  author={Ferr{\'a}ndez-Pastor, Francisco Javier and Garc{\'\i}a-Chamizo, Juan Manuel and Nieto-Hidalgo, Mario and Mora-Mart{\'\i}nez, Jos{\'e}},
  title   = {Precision agriculture design method using a distributed computing architecture on internet of things context},
  journal = {Sensors},
  volume  = {18},
  number  = {1731},
  pages   = {1--21},
  month   = {5},
  year    = {2018},
  url     = {https://doi.org/10.3390/s18061731},
  urldate = {2024-04-06},
  sortkey={A}
}

@article{hsu2020creative,
  author={Hsu, Tse Chuan and Yang, Hongji and Chung, Yeh Ching and Hsu, Ching Hsien},
  title   = {A Creative IoT agriculture platform for cloud fog computing},
  journal = {Sustainable Computing: Informatics and Systems},
  volume  = {28},
  number  = {100285},
  pages   = {1--28},
  month   = {12},
  year    = {2020},
  url     = {https://doi.org/10.1016/j.suscom.2018.10.006},
  urldate = {2024-04-06},
  sortkey={A}
}

@article{datta2017,
  author={Datta, Shoumen Palit Austin},
  title   = {Brief History of the Internet of Things and the Elusive Quest to Measure Performance},
  journal = {DSpace@MIT},
  volume  = {},
  number  = {},
  pages   = {1--40},
  month   = {},
  year    = {2017},
  url     = {https://dspace.mit.edu/bitstream/handle/1721.1/111021/HIP+.pdf?sequence=692},
  urldate = {2024-04-07},
  sortkey={A}
}

@misc{maleki_esp32_pinout,
  author = {Maleki, Mehran},
  title = {ESP32 Pinout Reference: A Comprehensive Guide},
  howpublished = {ElectroPeak},
  month   = {11},
  year    = {2022},
  urldate = {2024-04-08},
  url = {https://electropeak.com/learn/full-guide-to-esp32-pinout-reference-what-gpio-pins-should-we-use/},
  sortkey={D}
}

@manual{EspressifESP32,
  author = {{Espressif Systems}},
  title = {ESP32 Series Datasheet: 2.4 GHz Wi-Fi + Bluetooth® + Bluetooth LE SoC},
  year = {2024},
  urldate = {2024-04-08},
  url = {https://www.espressif.com/sites/default/files/documentation/esp32_datasheet_en.pdf},
  sortkey={E}
}

@manual{EMQX,
  author = {{EMQ Technologies Inc.}},
  title = {EMQX Documentation},
  year = {2024},
  urldate = {2024-08-16},
  url = {https://docs.emqx.com/en/},
  sortkey={E}
}

@misc{carmody_fao2023,
  author  = {Carmody, E. and Turral, H.},
  title = {Consumption-based water management},
  howpublished = {Food and Agriculture Organization (FAO)},
  month   = {9},
  year    = {2023},
  urldate = {2024-04-09},
  url = {https://doi.org/10.4060/cc6752en},
  sortkey={D}
}

@article{yang_nature2023,
  author = {Yang, Yuting and Roderick, Michael L. and Guo, Hui and Miralles, Diego G. and Zhang, Lu and Fatichi, Simone and Luo, Xiangzhong and Zhang, Yongqiang and McVicar, Tim R. and Tu, Zhuoyi and Keenan, Trevor F. and Fisher, Joshua B. and Gan, Rong and Zhang, Xuanze and Piao, Shilong and Zhang, Baoqing and Yang, Dawen},
  title   = {Evapotranspiration on a greening Earth},
  journal = {Nature Reviews Earth \& Environment},
  volume  = {4},
  number  = {9},
  pages   = {626--641},
  month   = {8},
  year    = {2023},
  url     = {https://doi.org/10.1038/s43017-023-00464-3},
  urldate = {2024-04-09},
  sortkey={A}
}

@inproceedings{Vijh_system2024,
  author  = {Vijh, Surbhi and Arpita and Bora, Jyoti Prakash and Gupta, Prateek Kumar and Kumar, Sumit},
  title   = {IOT Based Real-Time Monitoring System for Precision Agriculture},
  booktitle = {2024 14th International Conference on Cloud Computing, Data Science \& Engineering (Confluence)},
  year      = {2024},
  address   = {Noida, India},
  publisher = {IEEE},
  pages     = {53--58},
  url       = {https://doi.org/10.1109/Confluence60223.2024.10463399},
  urldate   = {2024-04-09},
  sortkey={B}
}

@article{Amine_system2024,
  author = {Idrissi, Amine Ibn Dahou and  Abouabdillah1, Aziz and Chikhaoui, Mohamed and Bouabid1, Rachid},
  title   = {Low-cost IoT-based monitoring system for precision agriculture},
  journal = {Environment, Energy and Earth Sciences (E3S)},
  volume  = {492},
  number  = {1003},
  pages   = {1--9},
  month   = {2},
  year    = {2024},
  url       = {https://doi.org/10.1051/e3sconf/202449201003},
  urldate = {2024-04-09},
  sortkey={A}
}

@article{Dutta_system2024,
  author = {Dutta, Lachit and Bharali, Swapna and Barman, Pranjal and Singh, Amarprit},
  title   = {An IoT-Enabled Smart pH Monitoring and Dispensing System for Precision Agriculture Application},
  journal = {Agricultural Research},
  volume  = {},
  number  = {},
  pages   = {1--10},
  month   = {4},
  year    = {2024},
  url       = {https://doi.org/10.1007/s40003-024-00702-0},
  urldate = {2024-04-09},
  sortkey={A}
}

@article{Michael_2020,
  author = {Peter R. Michael and Danvers E. Johnston and Wilfrido Moreno},
  title   = {A conversion guide: solar irradiance and lux illuminance},
  journal = {Journal of Measurements in Engineering},
  volume  = {8},
  number  = {4},
  pages   = {153--166},
  month   = {12},
  year    = {2020},
  url       = {https://doi.org/10.21595/jme.2020.21667},
  urldate = {2024-08-16},
  sortkey={A}
}

@inproceedings{Prathibha_system2017,
  author  = {Prathibha, S. R. and Hongal, Anupama and Jyothi, M. P.},
  title   = {IOT Based Monitoring System in Smart Agriculture},
  booktitle = {2017 International Conference on Recent Advances in Electronics and Communication Technology (ICRAECT)},
  year      = {2017},
  address   = {Bangalore, India},
  publisher = {IEEE},
  pages     = {81--84},
  url       = {https://doi.org/10.1109/ICRAECT.2017.52},
  urldate   = {2024-04-09},
  sortkey={B}
}

@techreport{telemetering1941,
  author = {{AIEE Telemetering Subcommittee}},
  title = {Telemetering, Supervisory Control, and Associated Circuits},
  institution = {American Institute of Electrical Engineers},
  address = {New York, USA},
  year = {1941},
  type = {Technical Report},
  pages = {1--29},
  url       = {https://babel.hathitrust.org/cgi/pt?id=mdp.39015002957788&seq=4},
  urldate   = {2024-04-10},
  sortkey={F}
}

@book{telemetry_systems2002,
  author    = {Carden, Frank and Jedlicka, Russell and Henry, Robert},
  title     = {Telemetry Systems Engineering},
  edition   = {1},
  year      = {2002},
  publisher = {Artech House},
  url       = {https://books.google.com.br/books?hl=pt-BR&lr=&id=3LK44UI0YCEC&oi=fnd&pg=PR25&dq=telemetry&ots=PhIcD_akyq&sig=F226i8zRr4R9LrIs2vuhk4KinZU&redir_esc=y#v=onepage&q=telemetry&f=false},
  note      = {},
  urldate   = {2024-04-10},
  sortkey={C}
}

@book{ddd_eric2004 ,
  author    = {Eric Evans},
  title     = {Domain-Driven Design},
  edition   = {1},
  year      = {2004},
  publisher = {Pearson Education},
  url       = {https://books.google.com.br/books?hl=pt-BR&lr=&id=xColAAPGubgC&oi=fnd&pg=PR9&dq=domain+driven+design&ots=qdUChfWI4w&sig=jfdHj78OvDmrMTWRRm5sMwUr6gc#v=onepage&q=domain%20driven%20design&f=false},
  note      = {},
  urldate   = {2024-08-16},
  sortkey={C}
}

@book{pro_git ,
  author    = {Scott Chacon and Ben Straub},
  title     = {Pro Git},
  edition   = {2},
  year      = {2024},
  publisher = {Apress},
  url       = {https://git-scm.com/book/en/v2},
  note      = {},
  urldate   = {2024-08-16},
  sortkey={C}
}

@article{Lizhuang_telemetry2021,
  author = {Lizhuang Tan and Wei Su and Wei Zhang and Jianhui Lv and Zhenyi Zhang and Jingying Miao and Xiaoxi Liu and Na Li},
  title   = {In-band Network Telemetry: A Survey},
  journal = {Computer Networks},
  volume  = {186},
  number  = {107763},
  pages   = {1--20},
  month   = {2},
  year    = {2021},
  url       = {https://doi.org/10.1016/j.comnet.2020.107763},
  urldate = {2024-04-10},
  sortkey={A}
}

@article{Hassanien2020,
  author    = {Hassanien, Aboul Ella and Darwish, Ashraf and Abdelghafar, Sara},
  title     = {Machine learning in telemetry data mining of space mission: basics, challenging and future directions},
  journal   = {Artificial Intelligence Review},
  volume    = {53},
  number    = {5},
  pages     = {3201--3230},
  month     = {9},
  year      = {2020},
  url       = {https://doi.org/10.1007/s10462-019-09760-1},
  urldate = {2024-04-10},
  sortkey={A}
}

@inproceedings{Ding_telemetry2017,
  author  = {Ding, Bolin and Kulkarni, Janardhan and Yekhanin, Sergey},
  title   = {Collecting Telemetry Data Privately},
  booktitle = {NIPS'17: Proceedings of the 31st International Conference on Neural Information Processing Systems},
  year      = {2017},
  address   = {Long Beach, USA},
  publisher = {Curran Associates},
  pages     = {3574–3583},
  url       = {https://proceedings.neurips.cc/paper_files/paper/2017/file/253614bbac999b38b5b60cae531c4969-Paper.pdf},
  urldate   = {2024-04-09},
  sortkey={B}
}

@misc{RFC2616,
  author  = {Fielding, R. and Gettys, J. and Mogul, J. and Frystyk, H. and Masinter, L. and Leach, P. and Berners-Lee, T.},
  title = {RFC 2616: Hypertext Transfer Protocol -- HTTP/1.1},
  howpublished = {University of California, Irvine},
  month   = {6},
  year    = {1999},
  urldate = {2024-04-13},
  url = {https://doi.org/10.17487/RFC2616},
  sortkey={D}
}

@misc{Eletrogate,
  author       = {Eletrogate},
  title        = {Eletrogate - Loja de Componentes Eletrônicos e Maker},
  year         = {2024},
  url          = {https://www.eletrogate.com},
  urldate      = {2024-08-07},
  note         = {Acesso em: 7 ago. 2024}
}

@book{Berners_web,
  author    = {Stephanie Sammartino McPherson},
  title     = {Tim Berners-Lee: Inventor of the World Wide Web},
  edition   = {1},
  year      = {2010},
  publisher = {USA TODAY lifeline biographies},
  url       = {https://books.google.com.br/books?hl=pt-BR&lr=&id=wK0xBWfL9GkC&oi=fnd&pg=PP1&dq=Tim+Berners-Lee+http&ots=8hQS8517jw&sig=yZRbgIMcN0xFMVPNTQ33b_5Rt1E&redir_esc=y#v=onepage&q=Tim%20Berners-Lee%20http&f=false},
  note      = {},
  urldate   = {2024-04-13},
  sortkey={C}
}

@article{Newmann_web,
  author    = {Andy Neumann and Nuno Laranjeiro and Jorge Bernardino},
  title     = {An Analysis of Public REST Web Service APIs},
  journal   = {IEEE Transactions on Services Computing},
  volume    = {14},
  number    = {4},
  pages     = {957--970},
  month     = {8},
  year      = {2021},
  url       = {https://doi.org/0.1109/TSC.2018.2847344},
  urldate = {2024-04-13},
  sortkey={A}
}

@inproceedings{Andy_mqtt2004,
  author  = {Andy Stanford-Clark},
  title   = {The importance of Internet standards and other topics},
  booktitle = {2004 Open Control Systems - The Importance of Industrial Standards},
  year      = {2004},
  address   = {Birmingham, UK},
  publisher = {IET},
  pages     = {1--12},
  url       = {https://doi.org/10.1049/ic:20040131},
  urldate   = {2024-04-15},
  sortkey={B}
}

@inproceedings{Yassein_mqtt2017,
  author  = {Muneer Bani Yassein and Mohammed Q. Shatnawi and Shadi Aljwarneh and Razan Al-Hatmi},
  title   = {Internet of Things: Survey and open issues of MQTT protocol},
  booktitle = {2017 International Conference on Engineering \& MIS (ICEMIS)},
  year      = {2017},
  address   = {Monastir, Tunisia},
  publisher = {IEEE},
  pages     = {1--6},
  url       = {https://doi.org/10.1109/ICEMIS.2017.8273112},
  urldate   = {2024-04-15},
  sortkey={B}
}

@misc{MQTT_org,
  author = {Banks, Andrew and Borgendale, Ken and Gupta, Rahul},
  title = {MQTT Version 5},
  howpublished = {OASIS},
  month   = {3},
  year    = {2019},
  urldate = {2024-04-15},
  url = {https://docs.oasis-open.org/mqtt/mqtt/v5.0/mqtt-v5.0.html},
  sortkey={D}
}


@article{Pereira_irrigation2002,
  author    = {Luis Santos Pereira and Theib Oweis and Abdelaziz Zairi},
  title     = {Irrigation management under water scarcity},
  journal   = {Agricultural Water Management},
  volume    = {57},
  number    = {3},
  pages     = {175--206},
  month     = {12},
  year      = {2002},
  url       = {https://doi.org/10.1016/S0378-3774(02)00075-6},
  urldate = {2024-04-20},
  sortkey={A}
}

@book{Burton_irrigation2010,
  author    = {Martin Burton},
  title     = {Irrigation Management: Principles and Practices},
  edition   = {1},
  year      = {2010},
  publisher = {CAB International},
  url       = {https://books.google.com.br/books?hl=pt-BR&lr=&id=n3Il28LP2usC&oi=fnd&pg=PR5&dq=irrigation+management&ots=JWhCdIR0XG&sig=8zuy2jlLkX2zsVoMBJK283jmBLE&redir_esc=y#v=onepage&q=irrigation%20management&f=false},
  note      = {},
  urldate   = {2024-04-20},
  sortkey={C}
}

@book{Ramos_irrigacao2022,
  author    = {Ramos, C. M. C. and Bassoi L. H. and Medeiros, P. R. F. de and Ferreira, M. da S.},
  title     = {Solos: Estudos, Potencialidades e Uso},
  edition   = {1},
  year      = {2022},
  publisher = {Embrapa Instrumentação},
  url       = {https://ainfo.cnptia.embrapa.br/digital/bitstream/item/232593/1/P-Solos-e-irrigacao.pdf},
  note      = {},
  urldate   = {2024-04-20},
  sortkey={C}
}

@article{Penman_evapotranspiration1948,
  author    = {Howard Latimer Penman},
  title     = {Natural evaporation from open water, bare soil and grass},
  journal   = {Proceedings of the Royal Society of London. Series A. Mathematical and Physical Sciences},
  volume    = {193},
  number    = {1032},
  pages     = {120--145},
  month     = {4},
  year      = {1948},
  url       = {https://doi.org/10.1098/rspa.1948.0037},
  urldate = {2024-04-22},
  sortkey={A}
}

@article{Zhao_evapotranspiration_med2009,
  author    = {Li, Zhao-Liang and Tang, Ronglin and Wan, Zhengming and Bi, Yuyun and Zhou, Chenghu and Tang, Bohui and Yan, Guangjian and Zhang, Xiaoyu},
  title     = {A Review of Current Methodologies for Regional Evapotranspiration Estimation from Remotely Sensed Data},
  journal   = {Sensors},
  volume    = {9},
  number    = {5},
  pages     = {3801--3853},
  month     = {3},
  year      = {2009},
  url       = {https://doi.org/10.3390/s90503801},
  urldate = {2024-04-22},
  sortkey={A}
}

@article{Zhang_evapotranspiration_med2016,
  author    = {Ke Zhang and John S. Kimball and Steven W. Running},
  title     = {A review of remote sensing based actual evapotranspiration estimation},
  journal   = {Wiley interdisciplinary reviews: Water},
  volume    = {3},
  number    = {6},
  pages     = {834--853},
  month     = {7},
  year      = {2016},
  url       = {https://doi.org/10.1002/wat2.1168},
  urldate = {2024-04-22},
  sortkey={A}
}

@article{Yang_evapotranspiration_med2022,
  author    = {Anderson, Martha and Yang, Yun and Gao, Feng and Xue, Jie and Knipper, Kyle and Hain, Christopher},
  title     = {Improved Daily Evapotranspiration Estimation Using Remotely Sensed Data in a Data Fusion System},
  journal   = {Remote Sensing},
  volume    = {14},
  number    = {1772},
  pages     = {1--16},
  month     = {4},
  year      = {2022},
  url       = {https://doi.org/10.3390/rs14081772},
  urldate = {2024-04-22},
  sortkey={A}
}

@book{Allen_evapotranspiration1998,
  author    = {Allen, R. G. and Pereira, L. S. and Raes, D. and Smith, M.},
  title     = {Crop evapotranspiration - Guidelines for computing crop water requirements},
  edition   = {1},
  year      = {1998},
  publisher = {FAO Irrigation and drainage Paper},
  url       = {https://www.fao.org/3/X0490E/x0490e00.htm},
  note      = {},
  urldate   = {2024-04-22},
  sortkey={C}
}

@book{bernardo_irrigacao2008,
  author    = {Salassier Bernardo and Everardo Chartuni Mantovani and Demetrius David da Silva and Antônio Alves Soares},
  title     = {Manual de irrigação},
  edition   = {8},
  year      = {2008},
  publisher = {UFV},
  url       = {https://www.academia.edu/45657937/Manual_de_Irriga%C3%A7%C3%A3o_8_ed_Salassier_Bernardo_Editora_UFV},
  note      = {},
  urldate   = {2024-04-23},
  sortkey={C}
}

@book{Mazid_microcontrolador2011,
  author    = {Muhammad Ali Mazidi and Sarmad Naimi and Sepehr Naimi},
  title     = {The AVR Microcontroller and Embedded Systems: Using Assembly and C},
  edition   = {1},
  year      = {2011},
  publisher = {Pearson Prentice Hall},
  url       = {https://dl.acm.org/doi/abs/10.5555/3169537},
  note      = {},
  urldate   = {2024-04-25},
  sortkey={C}
}

@article{Gurjeet_smart2022,
  author    = {Gurjeet Singh and Naresh Kalra and Neetu Yadav and Ashwani Sharma and Manoj Saini},
  title     = {Smart Agriculture: A Review},
  journal   = {Siberiam Journal of Life Sciences and Agriculture},
  volume    = {14},
  number    = {6},
  pages     = {423--454},
  month     = {12},
  year      = {2022},
  url       = {https://doi.org/10.12731/2658-6649-2022-14-6-423-454},
  urldate = {2024-04-26},
  sortkey={A}
}

@article{Garg_smart2023,
  author    = {Garg, D. and Alam, M.},
  title     = {Smart agriculture: a literature review},
  journal   = {Journal of Management Analytics},
  volume    = {10},
  number    = {2},
  pages     = {359--415},
  month     = {5},
  year      = {2023},
  url       = {https://doi.org/10.1080/23270012.2023.2207184},
  urldate = {2024-04-26},
  sortkey={A}
}

@article{Pierce_precision1999,
  author    = {Francis J. Pierce and Peter Nowak},
  title     = {Aspects of Precision Agriculture},
  journal   = {Advances in Agronomy},
  volume    = {67},
  number    = {1},
  pages     = {1--85},
  month     = {5},
  year      = {1999},
  url       = {https://doi.org/10.1016/S0065-2113(08)60513-1},
  urldate = {2024-05-01},
  sortkey={A}
}

@article{Zhang_precision2002,
  author    = {Naiqian Zhang and Maohua Wang and Ning Wang},
  title     = {Precision agriculture—a worldwide overview},
  journal   = {Computers and Electronics in Agriculture},
  volume    = {36},
  number    = {2},
  pages     = {113--132},
  month     = {11},
  year      = {2002},
  url       = {https://doi.org/10.1016/S0168-1699(02)00096-0},
  urldate = {2024-05-01},
  sortkey={A}
}

@article{Gebbers_precision2010,
  author    = {Robin Gebbers and Viacheslav I. Adamchuk},
  title     = {Precision Agriculture and Food Security},
  journal   = {Science},
  volume    = {327},
  number    = {5967},
  pages     = {828--831},
  month     = {2},
  year      = {2010},
  url       = {https://doi.org/10.1126/science.1183899},
  urldate = {2024-05-01},
  sortkey={A}
}

@book{Lamine_precision2024,
  author    = {Salim Lamine and Prashant K. Srivastava and Ahmed Kayad and Francisco Muñoz-Arriola and Prem Chandra Pandey},
  title     = {Remote Sensing in Precision Agriculture},
  edition   = {1},
  year      = {2024},
  publisher = {Academic Press},
  url       = {https://doi.org/10.1016/B978-0-323-91068-2.00014-X},
  note      = {},
  urldate   = {2024-05-01},
  sortkey={C}
}

@article{Francisco_precision2024,
  author    = {Francisco Medel-Jiménez and Theresa Krexner and Andreas Gronauer and Iris Kral},
  title     = {Life cycle assessment of four different precision agriculture technologies and comparison with a conventional scheme},
  journal   = {Journal of Cleaner Production},
  volume    = {434},
  number    = {140198},
  pages     = {1--11},
  month     = {1},
  year      = {2024},
  url       = {https://doi.org/10.1016/j.jclepro.2023.140198},
  urldate = {2024-05-01},
  sortkey={A}
}

@article{Taison_webeva2019,
  author    = {Taison Anderson Bortolin and Lucas Moraes dos Santos and Adriano Gomes da Silva and Vania Elisabete Schneider},
  title     = {Web system for estimation of evapotranspiration potential by different methods},
  journal   = {Ciência e Natura},
  volume    = {41},
  number    = {22},
  pages     = {1--14},
  month     = {7},
  year      = {2019},
  url       = {https://doi.org/10.5902/2179460X36937},
  urldate = {2024-05-28},
  sortkey={A}
}

@article{Serban_webeva2022,
  author    = {Serban Danielescu},
  title     = {Development and Application of ETCalc, a Unique Online Tool for Estimation of Daily Evapotranspiration},
  journal   = {Atmosphere-Ocean},
  volume    = {61},
  number    = {3},
  pages     = {135--147},
  month     = {12},
  year      = {2022},
  url       = {https://doi.org/10.1080/07055900.2022.2154191},
  urldate = {2024-05-28},
  sortkey={A}
}

@book{Jose_webeva2011,
  author    = {Payero, José O. and Singh, Dhananjay and Harris, Graham and Vriesema, Simon and Hare, Jenelle and Pendergast, Lance and Chauhan, Yash},
  title     = {Application of a New Web-Based Tool (Crop WaterUse) for Determining Evapotranspiration and Irrigation Requirements of Major Crops at Three Locations in Queensland},
  edition   = {1},
  year      = {2011},
  publisher = {IntechOpen},
  url       = {https://books.google.com.br/books?hl=pt-BR&lr=&id=YheaDwAAQBAJ&oi=fnd&pg=PA295&dq=web+application+evapotranspiration&ots=ZbDFqht_7s&sig=tjNS6zBCLOebLDX8Z0SzQ_E9SAk#v=onepage&q=web%20application%20evapotranspiration&f=false},
  note      = {},
  urldate   = {2024-05-28},
  sortkey={C}
}

@article{Fangming_webeva2021,
  author    = {Fangming Wu and Bingfang Wu and Weiwei Zhu and Nana Yan and Zonghan Ma and Linjiang Wang and Yuming Lu and Jiaming Xu},
  title     = {ETWatch cloud: APIs for regional actual evapotranspiration data generation},
  journal   = {Environmental Modelling \& Software},
  volume    = {145},
  number    = {105174},
  pages     = {1--16},
  month     = {5},
  year      = {2021},
  url       = {https://doi.org/10.1016/j.envsoft.2021.105174},
  urldate = {2024-05-28},
  sortkey={A}
}

@article{Jianting_webeva2009,
  author    = {Jianting Zhang and Quinn Hart and Michael Gertz and Carlos Rueda and Jeffrey Bergamini},
  title     = {Sensor data dissemination systems using Web-based standards: a case study of publishing data in support of evapotranspiration models in California},
  journal   = {Civil Engineering and Environmental Systems},
  volume    = {26},
  number    = {1},
  pages     = {35--52},
  month     = {2},
  year      = {2009},
  url       = {https://doi.org/10.1080/10286600802003567},
  urldate = {2024-05-28},
  sortkey={A}
}

@article{rodrigues2013,
  author    = {Rodrigues, Wilson L. and Bragança, Marcelo S. and Guimarães, Rubens J. and Silva, Allan P.},
  title     = {Índice de área foliar, coeficiente de cultura e produtividade de cafeeiro fertirrigado},
  journal   = {Engenharia Agrícola},
  volume    = {33},
  number    = {4},
  pages     = {794--804},
  year      = {2013},
  doi       = {10.1590/S0100-69162013000400014},
  url       = {https://doi.org/10.1590/S0100-69162013000400014},
  urldate   = {2024-10-24}
}

@article{souza2005,
  author    = {Souza, Carlos F. and Almeida, B. W. and Costa, João L. and Oliveira, Mauro A.},
  title     = {Evapotranspiração e coeficiente de cultura do cafeeiro irrigado por pivô central},
  journal   = {Revista Brasileira de Engenharia Agrícola e Ambiental},
  volume    = {9},
  number    = {4},
  pages     = {533--539},
  year      = {2005},
  doi       = {10.1590/S1415-43662005000400018},
  url       = {https://doi.org/10.1590/S1415-43662005000400018},
  urldate   = {2024-10-24}
}

@book{Vuolo_erro1996,
  author    = {José Henrique Vuolo},
  title     = {Fundamentos da Teoria de Erros},
  edition   = {2},
  year      = {1996},
  publisher = {Blucher},
  url       = {https://books.google.com.br/books?hl=pt-BR&lr=&id=q-uyDwAAQBAJ&oi=fnd&pg=PA1&dq=Fundamentos+da+Teoria+de+Erro&ots=ekWOlUyVLx&sig=MIY-uL3XrAGMCb_gb93fBQBsezw#v=onepage&q=Fundamentos%20da%20Teoria%20de%20Erro&f=false},
  note      = {},
  urldate   = {2024-09-21},
  sortkey={C}
}

@manual{ANEMOMETER,
  author = {{Renke}},
  title = {RS-FSJT-N01 Wind speed transmitter user's Guide (Type 485)},
  year = {2024},
  urldate = {2024-09-21},
  url = {https://instrucenter.com/wp-content/uploads/2022/03/RS-FSJT-No1.pdf},
  sortkey={E}
}

@manual{BMP280,
  author = {{Bosch Sensortec}},
  title = {BMP280: Digital Pressure Sensor},
  year = {2015},
  urldate = {2024-09-21},
  url = {https://cdn-shop.adafruit.com/datasheets/BST-BMP280-DS001-11.pdf},
  sortkey={E}
}

@manual{BH1750,
  author = {{Rohm Semiconductor}},
  title = {BH1750: Digital 16bit Serial Output Type Ambient Light Sensor IC},
  year = {2011},
  urldate = {2024-09-21},
  url = {https://www.mouser.com/datasheet/2/348/bh1750fvi-e-186247.pdf},
  sortkey={E}
}

@manual{DHT22,
  author = {{Aosong Electronics}},
  title = {Digital-output relative humidity \& temperature sensor/module DHT22 (DHT22 also named as AM2302)},
  year = {2024},
  urldate = {2024-09-21},
  url = {https://www.sparkfun.com/datasheets/Sensors/Temperature/DHT22.pdf},
  sortkey={E}
}

@manual{NEO6M,
  author = {{u-blox}},
  title = {NEO-6 u-blox 6 GPS Modules},
  year = {2011},
  urldate = {2024-11-20},
  url = {https://content.u-blox.com/sites/default/files/products/documents/NEO-6_DataSheet_%28GPS.G6-HW-09005%29.pdf},
  sortkey={E}
}

@manual{LM393,
  author = {{ON Semiconductor}},
  title = {LM393, LM393E, LM293, LM2903, LM2903E, LM2903V, NCV2903 - LoW Offset Voltage Dual Comparators},
  year = {2024},
  urldate = {2024-11-20},
  url = {https://docs.rs-online.com/943a/0900766b8170d70c.pdf},
  sortkey={E}
}

@manual{RS485TTL,
  author = {{PCB Power Market}},
  title = {RS485-TTL Module},
  year = {2024},
  urldate = {2024-11-20},
  url = {https://login.pcbpower.com/Documents/0252d3ac-d61f-43a7-9b96-010299e5181c/PM14058.pdf},
  sortkey={E}
}

@book{mood1974,
  author    = {Alexander McFarlane Mood and Franklin A. Graybill and Duane C. Boes},
  title     = {Introduction to the Theory of Statistics},
  edition   = {3},
  year      = {1974},
  publisher = {McGraw Hill},
  url       = {https://sistemas.fciencias.unam.mx/~misraim/Mood.pdf},
  note      = {},
  urldate   = {2024-12-06},
  sortkey={C}
}

@online{formis2024,
  author       = {Formis},
  title        = {Termo-Higro-Anemômetro Digital - KR825},
  year         = {2024},
  url          = {https://www.formis.com.br/seguranca-do-trabalho/termo-higro-anemometro-digital-kr825},
  urldate      = {2024-12-06},
}

@misc{inmet2024,
  author       = "{Instituto Nacional de Meteorologia (INMET)}",
  title        = "{Dados meteorológicos de Bambuí, MG – 16/10/2024}",
  howpublished = {INMET},
  month   = {10},
  year      = {2024},
  url       = {https://www.inmet.gov.br},
  urldate   = {2024-10-16},
  sortkey={D}
}